<?xml version="1.0" encoding="UTF-8"?><collection xmlns="http://www.loc.gov/MARC21/slim"><record><leader>00477nam--2200169-i-4500</leader><controlfield tag="001">000008244</controlfield><controlfield tag="002">20161230</controlfield><controlfield tag="005">20161230201027</controlfield><controlfield tag="008">060222s1000------------r-----000-0-eng-d</controlfield><datafield ind1=" " ind2=" " tag="040"><subfield code="a">IFIN-HH</subfield></datafield><datafield ind1=" " ind2=" " tag="080"><subfield code="a">539.12.04</subfield></datafield><datafield ind1="1" ind2=" " tag="100"><subfield code="a">Dienes, G.J</subfield></datafield><datafield ind1="1" ind2="0" tag="245"><subfield code="a">Studies in radiation effects</subfield><subfield code="b">Series a: phisical and chemical volume 1</subfield><subfield code="c">G.j. dienes (ed.)</subfield></datafield><datafield ind1=" " ind2=" " tag="260"><subfield code="a">New York</subfield><subfield code="b">GORDON AND BREACH c1966</subfield></datafield><datafield ind1=" " ind2=" " tag="300"><subfield code="a">V+346P</subfield></datafield><datafield ind1=" " ind2=" " tag="852"><subfield code="a">27604</subfield><subfield code="c">539.12.04</subfield></datafield><datafield ind1=" " ind2=" " tag="CAT"><subfield code="a">Sys</subfield><subfield code="c">20120206</subfield><subfield code="h">155817</subfield></datafield></record></collection>